% This file was created with JabRef 2.9.2.
% Encoding: Cp1252

@INPROCEEDINGS{bahulkar-12,
  author = {Ketan Bahulkar and Jingjing Wang and Nael Abu-Ghazaleh and Dmitry
	Ponomarev},
  title = {Partitioning on Dynamic Behavior for Parallel Discrete Event Simulation},
  booktitle = {Proceedings of the 2012 {ACM/IEEE/SCS} 26th Workshop on Principles
	of Advanced and Distributed Simulation},
  year = {2012},
  series = {PADS '12},
  pages = {221--230},
  doi = {10.1109/PADS.2012.32},
  isbn = {978-0-7695-4714-5},
  url = {http://dx.doi.org/10.1109/PADS.2012.32}
}

@ARTICLE{karypis-98,
  author = {Karypis,George and Kumar,Vipin},
  title = {A Fast and High Quality Multilevel Scheme for Partitioning Irregular
	Graphs},
  journal = {SIAM Journal on Scientific Computing},
  year = {1998},
  volume = {20},
  pages = {359-34},
  number = {1},
  isbn = {10648275},
  keywords = {Mathematics},
  language = {English},
  url = {http://search.proquest.com/docview/921412052?accountid=2909}
}

@ARTICLE{lijun-09,
  author = {Lijun Li and Carl Tropper},
  title = {A Multiway Design-driven Partitioning Algorithm for Distributed Verilog
	Simulation},
  journal = {Simulation},
  year = {2009},
  volume = {85},
  pages = {257--270},
  number = {4},
  month = apr,
  doi = {10.1177/0037549709102760},
  url = {http://dx.doi.org/10.1177/0037549709102760}
}

@INPROCEEDINGS{peschlow-07,
  author = {Peschlow, P. and Honecker, T. and Martini, P.},
  title = {A Flexible Dynamic Partitioning Algorithm for Optimistic Distributed
	Simulation},
  booktitle = {Principles of Advanced and Distributed Simulation, 2007. PADS '07.
	21st International Workshop on},
  year = {2007},
  pages = {219-228},
  month = {June},
  doi = {10.1109/PADS.2007.6},
  keywords = {digital simulation;distributed processing;communication workload;flexible
	dynamic partitioning algorithm;optimistic distributed simulation;Change
	detection algorithms;Clocks;Computational modeling;Computer science;Computer
	simulation;Degradation;Heuristic algorithms;Load modeling;Measurement;Partitioning
	algorithms}
}

@ARTICLE{subramanian-01,
  author = {S. Subramanian and D. M. Rao and P. A. Wilsey},
  title = {Applying Multilevel Partitioning to Parallel Logic Simulation},
  journal = {Parallel and Distributed Computing Practices},
  year = {2001},
  volume = {4},
  pages = {37--59},
  number = {1},
  month = mar
}

