% This file was created with JabRef 2.10.
% Encoding: Cp1252


@InCollection{catalyurek-11,
  Title                    = {PaToH (Partitioning Tool for Hypergraphs)},
  Author                   = {{\c{C}}ataly{\"u}rek, {\"U}mit and Aykanat, Cevdet},
  Booktitle                = {Encyclopedia of Parallel Computing},
  Publisher                = {Springer},
  Year                     = {2011},
  Pages                    = {1479--1487}
}

@InProceedings{bahulkar-12,
  Title                    = {Partitioning on Dynamic Behavior for Parallel Discrete Event Simulation},
  Author                   = {Ketan Bahulkar and Jingjing Wang and Nael Abu-Ghazaleh and Dmitry Ponomarev},
  Booktitle                = {Proceedings of the 2012 {ACM/IEEE/SCS} 26th Workshop on Principles of Advanced and Distributed Simulation},
  Year                     = {2012},
  Pages                    = {221--230},
  Series                   = {PADS '12},

  Doi                      = {10.1109/PADS.2012.32},
  ISBN                     = {978-0-7695-4714-5},
  Url                      = {http://dx.doi.org/10.1109/PADS.2012.32}
}

@InProceedings{brglez-89,
  Title                    = {Combinational profiles of sequential benchmark circuits},
  Author                   = {Brglez, Franc and Bryan, David and Kozminski, Krzysztof},
  Booktitle                = {Circuits and Systems, 1989., IEEE International Symposium on},
  Year                     = {1989},
  Organization             = {IEEE},
  Pages                    = {1929--1934}
}

@Conference{bryant-79,
  Title                    = {Simulation on a Distributed System},
  Author                   = {R. E. Bryant},
  Booktitle                = {Proceedings of the 1st International Conference on Distributed Computing Systems},
  Year                     = {1979},

  Address                  = {Washington, DC},
  Pages                    = {544--552},
  Publisher                = {IEEE Computer Society}
}

@InProceedings{carothers-94,
  Title                    = {Effect of Communication overheads on {T}ime {W}arp Performance: An Experimental Study},
  Author                   = {Christopher D. Carothers and Richard M. Fujimoto and Paul England},
  Booktitle                = {Proc. of the 8th Workshop on Parallel and Distributed Simulation (PADS 94)},
  Year                     = {1994},
  Month                    = jul,
  Organization             = {Society for Computer Simulation},
  Pages                    = {118--125}
}

@Article{chandy-81,
  Title                    = {Asynchronous Distributed Simulation via a Sequence of Parallel Computations},
  Author                   = {K. M. Chandy and J. Misra},
  Journal                  = {Communications of the ACM},
  Year                     = {1981},

  Month                    = apr,
  Number                   = {11},
  Pages                    = {198--206},
  Volume                   = {24}
}

@Conference{chandy-89,
  Title                    = {Space-Time and Simulation},
  Author                   = {K. M. Chandy and R. Sherman},
  Booktitle                = {Distributed Simulation},
  Year                     = {1989},
  Organization             = {Society for Computer Simulation},
  Pages                    = {53--57}
}

@InProceedings{chetlur-06,
  Title                    = {Causality and Proactive Cancellation},
  Author                   = {Chetlur, M. and Wilsey, P.A.},
  Booktitle                = {Distributed Simulation and Real-Time Applications, 2006. DS-RT'06. Tenth IEEE International Symposium on},
  Year                     = {2006},
  Month                    = {Oct},
  Pages                    = {193-200},

  Doi                      = {10.1109/DS-RT.2006.12},
  ISSN                     = {1550-6525}
}

@Article{chevalier-08,
  Title                    = {PT-Scotch: A tool for efficient parallel graph ordering},
  Author                   = {Chevalier, C{\'e}dric and Pellegrini, Fran{\c{c}}ois},
  Journal                  = {Parallel Computing},
  Year                     = {2008},
  Number                   = {6},
  Pages                    = {318--331},
  Volume                   = {34},

  Publisher                = {Elsevier}
}

@Article{clauset-09,
  Title                    = {Power-law distributions in empirical data},
  Author                   = {Aaron Clauset and Cosma Rohilla Shalizi and M. E. J. Newman},
  Journal                  = {SIAM Review},
  Year                     = {2009},
  Pages                    = {661-703},
  Volume                   = {51}
}

@Article{fujimoto-90,
  Title                    = {Parallel Discrete Event Simulation},
  Author                   = {R. Fujimoto},
  Journal                  = {Communications of the ACM},
  Year                     = {1990},

  Month                    = oct,
  Number                   = {10},
  Pages                    = {30--53},
  Volume                   = {33}
}

@Article{guo-11,
  Title                    = {Profile-based spatial partitioning for parallel simulation of large-scale wildfires },
  Author                   = {Song Guo and Xiaolin Hu},
  Journal                  = {Simulation Modelling Practice and Theory },
  Year                     = {2011},
  Number                   = {10},
  Pages                    = {2206--2225},
  Volume                   = {19},

  Doi                      = {http://dx.doi.org/10.1016/j.simpat.2011.07.003},
  Url                      = {http://www.sciencedirect.com/science/article/pii/S1569190X11001249}
}

@TechReport{hendrickson-94,
  Title                    = {The Chaco user’s guide: Version 2.0},
  Author                   = {Hendrickson, Bruce and Leland, Robert},
  Institution              = {Technical Report SAND95-2344, Sandia National Laboratories},
  Year                     = {1995}
}

@Book{hennessy-12,
  Title                    = {Computer Architecture: A Quantitative Approach},
  Author                   = {John L. Hennessy and David A. Patterson},
  Publisher                = {Morgan Kaufmann Publishers Inc.},
  Year                     = {2003},

  Address                  = {San Francisco, CA, USA},
  Edition                  = {5}
}

@Article{jefferson-85,
  Title                    = {Virtual Time},
  Author                   = {D. Jefferson},
  Journal                  = {ACM Transactions on Programming Languages and Systems},
  Year                     = {1985},

  Month                    = jul,
  Number                   = {3},
  Pages                    = {405--425},
  Volume                   = {7}
}

@Article{karypis-11,
  Title                    = {Metis manual},
  Author                   = {Karypis, George and Kumar, V},
  Journal                  = {University of Minnesota/Department of Science/Army HPC Research Center},
  Year                     = {2011}
}

@Article{karypis-98,
  Title                    = {A Fast and High Quality Multilevel Scheme for Partitioning Irregular Graphs},
  Author                   = {Karypis,George and Kumar,Vipin},
  Journal                  = {SIAM Journal on Scientific Computing},
  Year                     = {1998},
  Number                   = {1},
  Pages                    = {359-34},
  Volume                   = {20},

  ISBN                     = {10648275},
  Keywords                 = {Mathematics},
  Language                 = {English},
  Url                      = {http://search.proquest.com/docview/921412052?accountid=2909}
}

@PhdThesis{king-11,
  Title                    = {Warped redesigned: An api and implementation for discrete event simulation analysis and application development},
  Author                   = {King, Randall},
  School                   = {University of Cincinnati},
  Year                     = {2010}
}

@Conference{larson-07,
  Title                    = {Architectural Breakdown of End-to-End Latency in a TCP/IP Network},
  Author                   = {S. Larson and P. Sarangam and R. Huggahalli and S. Kulkarni},
  Booktitle                = {19th International Symposium on Computer Architecture and High Performance Computing (SBAC-PAD 2007)},
  Year                     = {2007},
  Month                    = oct,
  Pages                    = {195--202}
}

@Book{law-00,
  Title                    = {Simulation Modeling and Analysis},
  Author                   = {Averill M. Law and W. David Kelton},
  Publisher                = {McGraw-Hill},
  Year                     = {2000},
  Edition                  = {3rd}
}

@Article{lijun-09,
  Title                    = {A Multiway Design-driven Partitioning Algorithm for Distributed Verilog Simulation},
  Author                   = {Lijun Li and Carl Tropper},
  Journal                  = {Simulation},
  Year                     = {2009},

  Month                    = apr,
  Number                   = {4},
  Pages                    = {257--270},
  Volume                   = {85},

  Doi                      = {10.1177/0037549709102760},
  Url                      = {http://dx.doi.org/10.1177/0037549709102760}
}

@InProceedings{peschlow-07,
  Title                    = {A Flexible Dynamic Partitioning Algorithm for Optimistic Distributed Simulation},
  Author                   = {Peschlow, P. and Honecker, T. and Martini, P.},
  Booktitle                = {Principles of Advanced and Distributed Simulation, 2007. PADS '07. 21st International Workshop on},
  Year                     = {2007},
  Month                    = {June},
  Pages                    = {219-228},

  Doi                      = {10.1109/PADS.2007.6},
  Keywords                 = {digital simulation;distributed processing;communication workload;flexible dynamic partitioning algorithm;optimistic distributed simulation;Change detection algorithms;Clocks;Computational modeling;Computer science;Computer simulation;Degradation;Heuristic algorithms;Load modeling;Measurement;Partitioning algorithms}
}

@InProceedings{rashti-07,
  Title                    = {10-Gigabit iWARP Ethernet: Comparative Performance Analysis with InfiniBand and Myrinet-10G},
  Author                   = {Mohammad Rashti and Ahmad Afsahi},
  Booktitle                = {Parallel and Distributed Processing Symposium},
  Year                     = {2007},
  Month                    = mar,
  Pages                    = {1--8}
}

@InProceedings{sprangle-02,
  Title                    = {Increasing processor performance by implementing deeper pipelines},
  Author                   = {Sprangle, Eric and Carmean, Doug},
  Booktitle                = {Computer Architecture, 2002. Proceedings. 29th Annual International Symposium on},
  Year                     = {2002},
  Organization             = {IEEE},
  Pages                    = {25--34}
}

@Article{subramanian-01,
  Title                    = {Applying Multilevel Partitioning to Parallel Logic Simulation},
  Author                   = {S. Subramanian and D. M. Rao and P. A. Wilsey},
  Journal                  = {Parallel and Distributed Computing Practices},
  Year                     = {2001},

  Month                    = mar,
  Number                   = {1},
  Pages                    = {37--59},
  Volume                   = {4}
}

@InProceedings{subramoni-09,
  Title                    = {RDMA over Ethernet --- A Preliminary Study},
  Author                   = {Hari Subramoni and Ping Lai and Miao Luo and Dhabaleswar Panda},
  Booktitle                = {Cluster Computing and Workshops},
  Year                     = {2009},
  Month                    = aug,
  Pages                    = {1--9}
}

